  @misc{wiki:mnt,
    author = "{Wikipedia contributors}",
    title = "Matrix normal distribution --- {Wikipedia}{,} The Free Encyclopedia",
    year = "2019",
    url = "https://en.wikipedia.org/w/index.php?title=Matrix_normal_distribution&oldid=902125596",
    note = "[Online; accessed 3-November-2020]"
  }

    @misc{ wiki:wst,
    author = "{Wikipedia contributors}",
    title = "Wishart distribution --- {Wikipedia}{,} The Free Encyclopedia",
    year = "2020",
    url = "https://en.wikipedia.org/w/index.php?title=Wishart_distribution&oldid=986003757",
    note = "[Online; accessed 4-November-2020]"
  }

  @article{petersen2012matrix,
  title={The matrix cookbook, nov 2012},
  author={Petersen, Kaare Brandt and Pedersen, Michael Syskind},
  journal={URL http://www2. imm. dtu. dk/pubdb/p. php},
  volume={3274},
  pages={14},
  year={2012}
  }

  @MISC{IMM2012-03274,
    author       = "K. B. Petersen and M. S. Pedersen",
    title        = "The Matrix Cookbook",
    year         = "2012",
    month        = "nov",
    keywords     = "Matrix identity, matrix relations, inverse, matrix derivative",
    publisher    = "Technical University of Denmark",
    address      = "",
    note         = "Version 20121115",
    url          = "http://www2.compute.dtu.dk/pubdb/pubs/3274-full.html",
    abstract     = "Matrix identities, relations and approximations. A desktop reference for quick overview of mathematics of matrices."
    }

   @book{gupta2018matrix,
  title={Matrix variate distributions},
  author={Gupta, Arjun K and Nagar, Daya K},
  volume={104},
  year={2018},
  publisher={CRC Press}
}