  @misc{wiki:mnt,
    author = "{Wikipedia contributors}",
    title = "Matrix normal distribution --- {Wikipedia}{,} The Free Encyclopedia",
    year = "2019",
    url = "https://en.wikipedia.org/w/index.php?title=Matrix_normal_distribution&oldid=902125596",
    note = "[Online; accessed 3-November-2020]"
  }

    @misc{ wiki:wst,
    author = "{Wikipedia contributors}",
    title = "Wishart distribution --- {Wikipedia}{,} The Free Encyclopedia",
    year = "2020",
    url = "https://en.wikipedia.org/w/index.php?title=Wishart_distribution&oldid=986003757",
    note = "[Online; accessed 4-November-2020]"
  }

  @article{petersen2012matrix,
  title={The matrix cookbook, nov 2012},
  author={Petersen, Kaare Brandt and Pedersen, Michael Syskind},
  journal={URL http://www2. imm. dtu. dk/pubdb/p. php},
  volume={3274},
  pages={14},
  year={2012}
}